<collection xmlns="http://www.loc.gov/MARC21/slim">
<record>
  <leader>00862nam0a22002171i 450 </leader>
  <controlfield tag="001">IT\ICCU\CNCE\058296</controlfield>
  <controlfield tag="005">20061020000000.0</controlfield>
  <datafield tag="100" ind1=" " ind2=" ">
    <subfield code="a">20040519f1544        0itac0103    ba</subfield>
  </datafield>
  <datafield tag="101" ind1=" " ind2=" ">
    <subfield code="a">ITA</subfield>
  </datafield>
  <datafield tag="102" ind1=" " ind2=" ">
    <subfield code="a">IT</subfield>
  </datafield>
  <datafield tag="200" ind1="1" ind2=" ">
    <subfield code="a">Jncomincia lo innamoramento di Florio &amp; Biancifiore</subfield>
  </datafield>
  <datafield tag="210" ind1=" " ind2=" ">
    <subfield code="d">\1544?!</subfield>
    <subfield code="e">Stampato in Bressa</subfield>
    <subfield code="g">per Damiano Turlino</subfield>
  </datafield>
  <datafield tag="215" ind1=" " ind2=" ">
    <subfield code="a">\8! c.</subfield>
    <subfield code="d">4ʻ</subfield>
  </datafield>
  <datafield tag="300" ind1=" " ind2=" ">
    <subfield code="a">Per la data cfr. E. Sandal, La stampa a Brescia nel Cinquecento, n. 227</subfield>
  </datafield>
  <datafield tag="620" ind1=" " ind2=" ">
    <subfield code="a">IT</subfield>
    <subfield code="d">Brescia</subfield>
  </datafield>
  <datafield tag="712" ind1="0" ind2="0">
    <subfield code="a">Turlino, Damiano</subfield>
    <subfield code="3">IT\ICCU\CNCT\000234</subfield>
    <subfield code="4">650</subfield>
  </datafield>
  <datafield tag="791" ind1="0" ind2="0">
    <subfield code="a">Turlinis, Damianus de</subfield>
    <subfield code="3">IT\ICCU\CNCT\004144</subfield>
    <subfield code="z">Turlino, Damiano</subfield>
  </datafield>
  <datafield tag="791" ind1="0" ind2="0">
    <subfield code="a">Turlinus, Damianus</subfield>
    <subfield code="3">IT\ICCU\CNCT\005604</subfield>
    <subfield code="z">Turlino, Damiano</subfield>
  </datafield>
  <datafield tag="791" ind1="0" ind2="0">
    <subfield code="a">Turlini, Damiano</subfield>
    <subfield code="3">IT\ICCU\CNCT\005605</subfield>
    <subfield code="z">Turlino, Damiano</subfield>
  </datafield>
  <datafield tag="801" ind1=" " ind2="3">
    <subfield code="a">IT</subfield>
    <subfield code="b">ICCU</subfield>
    <subfield code="c">20201115</subfield>
  </datafield>
  <datafield tag="899" ind1=" " ind2=" ">
    <subfield code="a">Biblioteca dell&apos;Osservatorio astronomico di Brera. Milano</subfield>
    <subfield code="1">MI0293</subfield>
    <subfield code="2">ZMI 39</subfield>
  </datafield>
</record>
</collection>
